<record xmlns="http://www.loc.gov/MARC21/slim" xmlns:xsi="http://www.w3.org/2001/XMLSchema-instance" xsi:schemaLocation="http://www.loc.gov/MARC21/slim http://www.loc.gov/standards/marcxml/schema/MARC21slim.xsd"><leader>00628cz   2200145n  4500</leader><controlfield tag="001">oca04328041 </controlfield><controlfield tag="005">19970505154401.8</controlfield><controlfield tag="008">970428n| acannaab|          |a aaa |||  </controlfield><datafield ind1=" " ind2=" " tag="010"><subfield code="a">n  97044380 </subfield></datafield><datafield ind1=" " ind2=" " tag="040"><subfield code="a">DLC</subfield><subfield code="c">DLC</subfield><subfield code="d">DLC</subfield></datafield><datafield ind1="0" ind2=" " tag="100"><subfield code="a">Macedonius,</subfield><subfield code="c">Consul,</subfield><subfield code="d">ca. 490-ca. 565</subfield></datafield><datafield ind1="1" ind2=" " tag="400"><subfield code="a">Macedonius the Consul,</subfield><subfield code="d">ca. 490-ca. 565</subfield></datafield><datafield ind1="1" ind2=" " tag="400"><subfield code="a">Makēdonios,</subfield><subfield code="c">Consul,</subfield><subfield code="d">ca. 490-ca. 565</subfield></datafield><datafield ind1=" " ind2=" " tag="670"><subfield code="a">His Macedonius Consul, 1995:</subfield><subfield code="b">t.p. (Macedonius Consul) p. 6, etc. (Macedonius the Consul; in Classical Greek script: Makēdonios; lived ca. 490-ca. 565; held honorary consulship in the Justinian court)</subfield></datafield><datafield ind1=" " ind2=" " tag="675"><subfield code="a">Oxford classical dictionary, 1949.</subfield></datafield></record>